@misc{general_PBH,
      title={Primordial Black Holes}, 
      author={Albert Escrivà and Florian Kuhnel and Yuichiro Tada},
      year={2023},
      eprint={2211.05767},
      archivePrefix={arXiv},
      primaryClass={astro-ph.CO}
}

@article{constraints_PBH_asteroid,
   title={Updated constraints on asteroid-mass primordial black holes as dark matter},
   volume={101},
   ISSN={2470-0029},
   url={http://dx.doi.org/10.1103/PhysRevD.101.063005},
   DOI={10.1103/physrevd.101.063005},
   number={6},
   journal={Physical Review D},
   publisher={American Physical Society (APS)},
   author={Smyth, Nolan and Profumo, Stefano and English, Samuel and Jeltema, Tesla and McKinnon, Kevin and Guhathakurta, Puragra},
   year={2020},
   month=mar }

@article{PBH_as_DM_candidate,
   title={Primordial black holes as dark matter candidates},
   ISSN={2590-1990},
   url={http://dx.doi.org/10.21468/SciPostPhysLectNotes.48},
   DOI={10.21468/scipostphyslectnotes.48},
   journal={SciPost Physics Lecture Notes},
   publisher={Stichting SciPost},
   author={Carr, Bernard and Kühnel, Florian},
   year={2022},
   month=may }

@article{microlensing_andromeda,
   title={Microlensing constraints on primordial black holes with Subaru/HSC Andromeda observations},
   volume={3},
   ISSN={2397-3366},
   url={http://dx.doi.org/10.1038/s41550-019-0723-1},
   DOI={10.1038/s41550-019-0723-1},
   number={6},
   journal={Nature Astronomy},
   publisher={Springer Science and Business Media LLC},
   author={Niikura, Hiroko and Takada, Masahiro and Yasuda, Naoki and Lupton, Robert H. and Sumi, Takahiro and More, Surhud and Kurita, Toshiki and Sugiyama, Sunao and More, Anupreeta and Oguri, Masamune and Chiba, Masashi},
   year={2019},
   month=apr, pages={524–534} }


@article{UED,
   title={Dark matter and collider phenomenology of universal extra dimensions},
   volume={453},
   ISSN={0370-1573},
   url={http://dx.doi.org/10.1016/j.physrep.2007.09.003},
   DOI={10.1016/j.physrep.2007.09.003},
   number={2–4},
   journal={Physics Reports},
   publisher={Elsevier BV},
   author={Hooper, Dan and Profumo, Stefano},
   year={2007},
   month=dec, pages={29–115} }


@article{Arbey_2021,
   title={Dark matter and the early Universe: A review},
   volume={119},
   ISSN={0146-6410},
   url={http://dx.doi.org/10.1016/j.ppnp.2021.103865},
   DOI={10.1016/j.ppnp.2021.103865},
   journal={Progress in Particle and Nuclear Physics},
   publisher={Elsevier BV},
   author={Arbey, A. and Mahmoudi, F.},
   year={2021},
   month=jul, pages={103865} }

@article{GRIEST_1993_microlensing,
   title={The Search for the Dark Matter: WIMPs and MACHOs},
   volume={688},
   ISSN={1749-6632},
   url={http://dx.doi.org/10.1111/j.1749-6632.1993.tb43912.x},
   DOI={10.1111/j.1749-6632.1993.tb43912.x},
   number={1},
   journal={Annals of the New York Academy of Sciences},
   publisher={Wiley},
   author={GRIEST, KIM},
   year={1993},
   month=jun, pages={390–407} }

@article{Lehmann_2019,
   title={Direct detection of primordial black hole relics as dark matter},
   volume={2019},
   ISSN={1475-7516},
   url={http://dx.doi.org/10.1088/1475-7516/2019/10/046},
   DOI={10.1088/1475-7516/2019/10/046},
   number={10},
   journal={Journal of Cosmology and Astroparticle Physics},
   publisher={IOP Publishing},
   author={Lehmann, Benjamin V. and Johnson, Christian and Profumo, Stefano and Schwemberger, Thomas},
   year={2019},
   month=oct, pages={046–046} }

@article{Katz_2018,
   title={Femtolensing by dark matter revisited},
   volume={2018},
   ISSN={1475-7516},
   url={http://dx.doi.org/10.1088/1475-7516/2018/12/005},
   DOI={10.1088/1475-7516/2018/12/005},
   number={12},
   journal={Journal of Cosmology and Astroparticle Physics},
   publisher={IOP Publishing},
   author={Katz, Andrey and Kopp, Joachim and Sibiryakov, Sergey and Xue, Wei},
   year={2018},
   month=dec, pages={005–005} }

@article{10.1093/mnras/112.2.195,
    author = {Bondi, H.},
    title = "{On Spherically Symmetrical Accretion}",
    journal = {Monthly Notices of the Royal Astronomical Society},
    volume = {112},
    number = {2},
    pages = {195-204},
    year = {1952},
    month = {04},
    abstract = "{The special accretion problem is investigated in which the motion is steady and spherically symmetrical, the gas being at rest at infinity. The pressure is taken to be proportional to a power of the density. It is found that the accretion rate is proportional to the square of the mass of the star and to the density of the gas at infinity, and varies inversely with the cube of the velocity of sound in the gas at infinity. The factor of proportionality is not determined by the steady-state equations, though it is confined within certain limits. Arguments are given suggesting that the case physically most likely to occur is that with the maximum rate of accretion.}",
    issn = {0035-8711},
    doi = {10.1093/mnras/112.2.195},
    url = {https://doi.org/10.1093/mnras/112.2.195},
    eprint = {https://academic.oup.com/mnras/article-pdf/112/2/195/9073555/mnras112-0195.pdf},
}

